<record><leader>00000cas a2200000 a 4500</leader><controlfield tag="001">35197305</controlfield><controlfield tag="008">960806u18uuuuuualuer ne      0    0eng d</controlfield><datafield ind1=" " ind2=" " tag="010"><subfield code="a">sn 96080326 </subfield></datafield><datafield ind1=" " ind2=" " tag="040"><subfield code="a">NVG</subfield><subfield code="b">eng</subfield><subfield code="c">NVG</subfield><subfield code="d">OCL</subfield><subfield code="d">OCLCQ</subfield><subfield code="d">OCLCO</subfield></datafield><datafield ind1="1" ind2=" " tag="029"><subfield code="a">AU@</subfield><subfield code="b">000012746060</subfield></datafield><datafield ind1=" " ind2=" " tag="042"><subfield code="a">msc</subfield></datafield><datafield ind1=" " ind2=" " tag="043"><subfield code="a">n-us-nb</subfield></datafield><datafield ind1="0" ind2=" " tag="130"><subfield code="a">Camp fire (Gadsden, Ala.)</subfield></datafield><datafield ind1="1" ind2="4" tag="245"><subfield code="a">The camp fire.</subfield></datafield><datafield ind1=" " ind2=" " tag="260"><subfield code="a">Gadsden, Ala. :</subfield><subfield code="b">J.F. Zediker, Son &amp; Co.</subfield></datafield><datafield ind1=" " ind2=" " tag="300"><subfield code="a">v.</subfield></datafield><datafield ind1=" " ind2=" " tag="310"><subfield code="a">Biweekly</subfield></datafield><datafield ind1=" " ind2=" " tag="500"><subfield code="a">"Official paper of G.A.R., S. of V., Union Veteran League, and Ladies of the G.A.R."</subfield></datafield><datafield ind1=" " ind2=" " tag="500"><subfield code="a">Published in Grand Ridge, Fla., &lt;Aug. 13, 1896&gt;.</subfield></datafield><datafield ind1=" " ind2=" " tag="588"><subfield code="a">Description based on: Vol. 4, no. 2 (Dec. 5, 1895).</subfield></datafield><datafield ind1="2" ind2="0" tag="610"><subfield code="a">Grand Army of the Republic</subfield><subfield code="v">Newspapers.</subfield></datafield><datafield ind1="2" ind2="0" tag="610"><subfield code="a">Sons of Veterans, U.S.A.</subfield><subfield code="v">Newspapers.</subfield></datafield><datafield ind1="2" ind2="0" tag="610"><subfield code="a">Union Veteran League</subfield><subfield code="v">Newspapers.</subfield></datafield><datafield ind1="2" ind2="0" tag="610"><subfield code="a">Ladies of the Grand Army of the Republic</subfield><subfield code="v">Newspapers.</subfield></datafield><datafield ind1=" " ind2=" " tag="752"><subfield code="a">United States</subfield><subfield code="b">Florida</subfield><subfield code="c">Jackson</subfield><subfield code="d">Grand Ridge.</subfield></datafield><datafield ind1=" " ind2=" " tag="752"><subfield code="a">United States</subfield><subfield code="b">Alabama</subfield><subfield code="c">Etowah</subfield><subfield code="d">Gadsden.</subfield></datafield></record>